<record><leader>00000cas a22000007a 4500</leader><controlfield tag="001">36427907</controlfield><controlfield tag="008">970221d19441948sduwr ne      0    0eng d</controlfield><datafield ind1=" " ind2=" " tag="010"><subfield code="a">sn 97065754 </subfield></datafield><datafield ind1=" " ind2=" " tag="040"><subfield code="a">SXN</subfield><subfield code="b">eng</subfield><subfield code="c">SXN</subfield><subfield code="d">OCLCQ</subfield><subfield code="d">OCLCF</subfield><subfield code="d">OCLCO</subfield></datafield><datafield ind1="1" ind2=" " tag="029"><subfield code="a">AU@</subfield><subfield code="b">000013092879</subfield></datafield><datafield ind1=" " ind2=" " tag="042"><subfield code="a">msc</subfield></datafield><datafield ind1=" " ind2=" " tag="043"><subfield code="a">n-us-sd</subfield></datafield><datafield ind1="0" ind2="0" tag="245"><subfield code="a">Faith independent and Faith gazette.</subfield></datafield><datafield ind1=" " ind2=" " tag="260"><subfield code="a">Faith, Meade County, S.D. :</subfield><subfield code="b">Paul Byrne</subfield></datafield><datafield ind1=" " ind2=" " tag="300"><subfield code="a">v.</subfield></datafield><datafield ind1=" " ind2=" " tag="310"><subfield code="a">Weekly</subfield></datafield><datafield ind1="0" ind2=" " tag="362"><subfield code="a">Vol. 17, no. 27 (May 17, 1944)-v. 21, no. 21 (Mar. 31, 1948).</subfield></datafield><datafield ind1=" " ind2=" " tag="530"><subfield code="a">Available on microfilm from: State Archives, South Dakota State Historical Society.</subfield></datafield><datafield ind1=" " ind2=" " tag="580"><subfield code="a">Formed by the union of: Faith independent (Faith, S.D. : 1933), and: Faith gazette.</subfield></datafield><datafield ind1=" " ind2="0" tag="651"><subfield code="a">Faith (S.D.)</subfield><subfield code="v">Newspapers.</subfield></datafield><datafield ind1=" " ind2="0" tag="651"><subfield code="a">Meade County (S.D.)</subfield><subfield code="v">Newspapers.</subfield></datafield><datafield ind1=" " ind2="7" tag="655"><subfield code="a">Newspapers.</subfield><subfield code="2">fast</subfield><subfield code="0">(OCoLC)fst01423814</subfield></datafield><datafield ind1=" " ind2="7" tag="651"><subfield code="a">South Dakota</subfield><subfield code="z">Faith.</subfield><subfield code="2">fast</subfield><subfield code="0">(OCoLC)fst01887352</subfield></datafield><datafield ind1=" " ind2="7" tag="651"><subfield code="a">South Dakota</subfield><subfield code="z">Meade County.</subfield><subfield code="2">fast</subfield><subfield code="0">(OCoLC)fst01206122</subfield></datafield><datafield ind1=" " ind2=" " tag="752"><subfield code="a">United States</subfield><subfield code="b">South Dakota</subfield><subfield code="c">Meade</subfield><subfield code="d">Faith.</subfield></datafield><datafield ind1="1" ind2="4" tag="780"><subfield code="t">Faith independent (Faith, S.D. : 1933)</subfield><subfield code="w">(DLC)sn 97065753</subfield></datafield><datafield ind1="1" ind2="4" tag="780"><subfield code="t">Faith gazette</subfield><subfield code="w">(DLC)sn 97065752</subfield></datafield><datafield ind1="0" ind2="0" tag="785"><subfield code="t">Faith independent and gazette</subfield><subfield code="w">(DLC)sn 97065755</subfield></datafield></record>